@article{example,
	title={Feeling and caring: When mood intervenes in charitable giving},
	author={Zhang, Jiao and Lu, ZoeYuejin and Xu, Fei},
	journal={Journal of Marketing Research},
	volume={45},
	number={2},
	pages={213--224},
	year={2008},
	publisher={Sage Publications Sage CA: Los Angeles, CA}
}